@inbook{book,
    author = {Ross, Mike},
    year = {2021},
    month = {08},
    pages = {70-90},
    title = {Review of Contracts},
    volume = {2340},
    journal = {Modern Law Methods}
}

@inbook{book2,
    author = {Ross, Mike},
    year = {2021},
    month = {08},
    pages = {70-90},
    title = {Review of Contracts},
    volume = {2340},
    journal = {Modern Law Methods}
}

@misc{craig_2021,
    title={How many transaction per second (TPS) can bitcoin process? - PHEMEX blog},
    url={https://phemex.com/blogs/what-is-transactions-per-second-tps#:~:text=Bitcoin%20processes%207%20transactions%20per,around%205%2C000%20transactions%20per%20second.},
    journal={Phemex},
    author={Craig, Jeffrey},
    year={2021},
    month={Nov}
}

@misc{craig_2022,
    title={How many transaction per second (TPS) can bitcoin process? - PHEMEX blog},
    url={https://vitalik.ca/general/2021/04/07/sharding.html},
    journal={Phemex},
    author={Craig, Jeffrey},
    year={2021},
    month={Nov}
} 

 @misc{frankenfield_2022, title={Proof-of-stake (POS)}, url={https://www.investopedia.com/terms/p/proof-stake-pos.asp}, journal={Investopedia}, publisher={Investopedia}, author={Frankenfield, Jake}, year={2022}, month={3}}
 
@misc{ethereum.org, title={Shard chains}, url={https://ethereum.org/en/upgrades/shard-chains/}, journal={ethereum.org}}
 
  @misc{adittane_2021, title={Proof of what? understand the distributed consensuses in Blockchain}, url={https://medium.com/learning-lab/proof-of-what-understand-the-distributed-consensuses-in-blockchain-1d9304ae4afe}, journal={Medium}, publisher={Learning Lab}, author={ADITTANE, Sandoche}, year={2021}, month={1}} 
  
@misc{bitpanda, title={Consensus algorithms: Proof of stake}, url={https://www.bitpanda.com/academy/en/lessons/consensus-algorithms-proof-of-stake/}, journal={- Bitpanda Academy}, publisher={Bitpanda Academy}, author={Bitpanda}} 
   
@misc{mearian_2019, title={Sharding: What it is and why many blockchain protocols rely on it}, url={https://www.computerworld.com/article/3336187/sharding-what-it-is-and-why-so-many-blockchain-protocols-rely-on-it.html}, journal={Computerworld}, publisher={Computerworld}, author={Mearian, Lucas}, year={2019}, month={1}} 
    
@misc{changelly.com_2021, title={51 attack explained, cases in BTG, etc and BCH history}, url={https://changelly.com/blog/51-percent-attack/}, journal={changelly.com}, year={2021}, month={6}} 
     
@misc{vitaliks, title={Why Sharding is great: Demystifying the technical properties}, url={https://vitalik.ca/general/2021/04/07/sharding.html}, journal={Vitalik Buterin's website}} 

@misc{changelly.com_2020, title={Proof of stake vs proof of work - what's pos how it works}, url={https://changelly.com/blog/what-is-proof-of-stake/}, journal={changelly.com}, year={2020}, month={11}} 

@misc{ethereum.org2, title={Consensus mechanisms}, url={https://ethereum.org/en/developers/docs/consensus-mechanisms/}, journal={ethereum.org}} 

@misc{ethereum.org3, title={Proof-of-stake (POS)}, url={https://ethereum.org/en/developers/docs/consensus-mechanisms/pos/}, journal={ethereum.org}} 